<record><leader>00000cas a2200000 a 4500</leader><controlfield tag="001">20273815</controlfield><controlfield tag="008">890829d19892000cauir ne      0   a0eng c</controlfield><datafield ind1=" " ind2=" " tag="010"><subfield code="a">sn 89003905 </subfield></datafield><datafield ind1=" " ind2=" " tag="040"><subfield code="a">NSD</subfield><subfield code="b">eng</subfield><subfield code="c">NSD</subfield><subfield code="d">DLC</subfield><subfield code="d">NSD</subfield><subfield code="d">CNK</subfield><subfield code="d">OCLCQ</subfield><subfield code="d">CNK</subfield><subfield code="d">OCLCQ</subfield><subfield code="d">OCLCF</subfield><subfield code="d">OCLCO</subfield></datafield><datafield ind1=" " ind2=" " tag="012"><subfield code="j">2</subfield><subfield code="m">y</subfield></datafield><datafield ind1="1" ind2=" " tag="022"><subfield code="a">1045-8336</subfield><subfield code="l">1045-8336</subfield><subfield code="2">1</subfield></datafield><datafield ind1="1" ind2=" " tag="029"><subfield code="a">AU@</subfield><subfield code="b">000020569016</subfield></datafield><datafield ind1=" " ind2=" " tag="032"><subfield code="a">016380</subfield><subfield code="b">USPS</subfield></datafield><datafield ind1=" " ind2=" " tag="037"><subfield code="b">Amador Ledger Dispatch, 10776 Argonaut Ln., Jackson, CA 95642</subfield></datafield><datafield ind1=" " ind2=" " tag="042"><subfield code="a">nsdp</subfield><subfield code="a">pcc</subfield></datafield><datafield ind1=" " ind2=" " tag="043"><subfield code="a">n-us-ca</subfield></datafield><datafield ind1=" " ind2="0" tag="222"><subfield code="a">Amador ledger-dispatch</subfield></datafield><datafield ind1="0" ind2="0" tag="245"><subfield code="a">Amador ledger-dispatch.</subfield></datafield><datafield ind1=" " ind2=" " tag="260"><subfield code="a">Jackson, CA :</subfield><subfield code="b">El Dorado Newspapers</subfield></datafield><datafield ind1=" " ind2=" " tag="300"><subfield code="a">v.</subfield></datafield><datafield ind1=" " ind2=" " tag="310"><subfield code="a">Three times a week</subfield></datafield><datafield ind1="0" ind2=" " tag="362"><subfield code="a">Vol. 134, no. 111 (June 7, 1989)-v. 145, no. 93 (May 26, 2000).</subfield></datafield><datafield ind1=" " ind2=" " tag="530"><subfield code="a">Master negatives are available for duplication from:</subfield><subfield code="b">California Newspaper Microfilm Archive;</subfield><subfield code="c">positive copies may be purchased by the reel; for further information consult the CNMA at:</subfield><subfield code="u">http://cbsr.ucr.edu</subfield></datafield><datafield ind1=" " ind2=" " tag="580"><subfield code="a">Formed by the union of: Amador ledger and the Amador record, and: Amador dispatch, and: Amador progress news and the Ione Valley echo.</subfield></datafield><datafield ind1=" " ind2=" " tag="588"><subfield code="a">Latest issue consulted: Vol. 135, no. 27 (Jan. 2, 1990).</subfield></datafield><datafield ind1=" " ind2="0" tag="651"><subfield code="a">Amador County (Calif.)</subfield><subfield code="v">Newspapers.</subfield></datafield><datafield ind1=" " ind2="7" tag="655"><subfield code="a">Newspapers.</subfield><subfield code="2">fast</subfield><subfield code="0">(OCoLC)fst01423814</subfield></datafield><datafield ind1=" " ind2="7" tag="651"><subfield code="a">California</subfield><subfield code="z">Amador County.</subfield><subfield code="2">fast</subfield><subfield code="0">(OCoLC)fst01205775</subfield></datafield><datafield ind1=" " ind2=" " tag="752"><subfield code="a">United States</subfield><subfield code="b">California</subfield><subfield code="c">Amador</subfield><subfield code="d">Jackson.</subfield></datafield><datafield ind1="0" ind2=" " tag="775"><subfield code="a">Calaveras ledger dispatch</subfield><subfield code="w">(DLC)sn 98061028</subfield></datafield><datafield ind1="1" ind2="4" tag="780"><subfield code="t">Amador ledger and the Amador record</subfield><subfield code="x">1042-7619</subfield><subfield code="w">(DLC)sn 89007719</subfield></datafield><datafield ind1="1" ind2="4" tag="780"><subfield code="t">Amador dispatch</subfield><subfield code="x">8750-5010</subfield><subfield code="w">(DLC)sn 84002124</subfield></datafield><datafield ind1="1" ind2="4" tag="780"><subfield code="t">Amador progress news and the Ione Valley echo</subfield><subfield code="x">8750-5002</subfield><subfield code="w">(DLC)sn 84002133</subfield></datafield><datafield ind1="0" ind2="0" tag="785"><subfield code="t">Ledger dispatch (Jackson, Calif.)</subfield><subfield code="w">(DLC)sn2011271198</subfield></datafield></record>